@inbook{cornero_planimetria,
    title = {Alineamiento vial planimétrico},
    author = {Guillermo A. Cornero},
    booktitle = {Vías de comunicación},
    year = {1975},
    keywords = {planimetria}
}

@inbook{cornero_altimetria,
    title = {Alineamiento vial altimetrico},
    author = {Guillermo A. Cornero},
    booktitle = {Vías de comunicación},
    year = {1975},
    keywords = {altimetria}
}

@inbook{mov_suelos,
    author = {Autor desconocido},
    title = {Capitulo V: Movimiento de suelos},
    booktitle = {Libro desconocido},
    addendum = {Apunte proporcionado por la cátedra.}
}

@reference{metodo_racional,
    note = {Gráficas proporcionado por la cátedra.},
    author = {Autor desconocido},
    title = {Método racional generalizado},
}

@book{presentaciones,
    author = {Ing. José María Bucciarelli, Ing. Andrés Marchetta y Ing. Alejandro Sierra},
    title = {Presentaciones de teoría},
    year = {2020},
    addendum = {Recuperados durante transcurso del año 2020.}
}

@book{alcantarillas,
    author = {Bureau of Public Roads},
    translator = {Ing. Federico Rühle},
    title = {Gráficos hidráulicos para el diseño de alcantarillas},
    origlanguage = {Inglés},
    language = {Español},
    year = {1966},
    publisher = {Dirección de Vialidad Nacional}
}